@book {Evan10-book,
    AUTHOR = {Evans, Lawrence C.},
     TITLE = {Partial differential equations},
    SERIES = {Graduate Studies in Mathematics},
    VOLUME = {19},
   EDITION = {Second},
 PUBLISHER = {American Mathematical Society},
   ADDRESS = {Providence, RI},
      YEAR = {2010},
     PAGES = {xxii+749},
      ISBN = {978-0-8218-4974-3},
}

@techreport {Bart13-pre,
    AUTHOR = {Bartels, S{\"o}ren},
     TITLE = {Quasi-optimal error estimates for implicit discretizations of 
              rate-independent evolutions},
INSTITUTION = {Albert-Ludwigs-Universit\"at Freiburg},
      YEAR = {2013}, 
       URL = {http://aam.uni-freiburg.de/abtlg/ls/lsbartels/publ},
}

